@misc{RupertDrop,
	author={Michael Grogan},
	title={Prince Rupert's Drops},
	year={2006},
	urlseen={30-05-17},
	howpublished={\url{commons.wikimedia.org/wiki/File:Prince_Ruperts_drops.jpg}}
	}

@misc{Diffraction,
	author={Inductiveload},
	title={Diffraction through Pinhole},
	year={2007},
	urlseen={27-05-17},
	howpublished={\url{commons.wikimedia.org/wiki/File:Diffraction_through_Pinhole.svg}}
	}

@software{Anaconda,
	author="Continuum Analytics",
	title="Anaconda Software Distribution",
	howpublished={\url{continuum.io}},
	version={4.3.1},
	date={2017-5}
	}

@software{Uncertainties,
	author={Eric O. Lebigot},
	title={Uncertainties: a Python package for calculations with uncertainties},
	howpublished={\url{pythonhosted.org/uncertainties/}}
	}

@misc{ToughGlass,
	author={Mark Ford},
	title={How is tempered glass made?},
	journal={Scientific American},
	type={blog},
	howpublished = {\url{www.scientificamerican.com/article/how-is-tempered-glass-mad/}}
	}

@article{Handout,
	author={Chris Wensrich and Roxanne Jackson},
	title={MECH2420: Residual Stress Measurement using Neutron Diffraction Report Handout}
	}

@book{Diffraction_Xray,
	author={Brent Fultz and James Howe},
	title={Diffraction and the X-Ray Powder Diffractometer},
	year={2013},
	publisher={Springer Berlin Heidelberg}
	}

@unpublished{LecturesWensrich,
	author={Chris Wensrich},
	institution={University of Newcastle},
	title={MECH2420 Lectures},
	year={2017}
	}

@proceedings{MeasurementConference,
	title={NATO Advanced Research Workshop on Measurement of Residual and Applied Stress Using Neutron Diffraction},
	shorttitle={NATO ASI},
	eventdate={1991-3-18/1991-3-22},
	isbn={978-94-010-5242},
	publisher={Springer-Verlag}
}
